@Article{adebiye,
  Author = "Adebiyi, A. A. and Adewumi, A. O. and Ayo, C. K.",
  Title = "Comparison of ARIMA and Artificial Neural Network Models for Stock Price Prediction",
  Journal = "Journal of Applied Mathematics",
  Year = 2014
}

@Article{ahmed,
  Author = "Ahmed, N. K. and Atiya, A. F. and Gayar, N. E. and El-Shishiny, H.",
  Title = "An Empirical Comparison of Machine Learning Models for Time Series Forecasting",
  Journal = "Econometric Reviews",
  Year = 2010,
  Volume = 29,
  Pages = "5-6"
}

@misc{beaufays,
  Author = "Beaufays, F.",
  Title = "The neural networks behind Google Voice transcription",
  Year = 2015,
  howpublished = {\url{https://research.googleblog.com/2015/08/the-neural-networks-behind-google-voice.html}}
}

@misc{deloche,
  Author = "Deloche, F.",
  Title = "Diagram of a one-unit Long Short-Term Memory (LSTM) network",
  Year = 2017,
  howpublished = {\url{https://commons.wikimedia.org/w/index.php?curid=60149410}}
}

@Article{ng,
  Author = "Ng, A.",
  Title = "Preventing ``Overfitting'' of Cross-validation Data",
  Journal = "ICML '97 Proceedings of the Fourteenth International Conference on Machine Learning",
  Year = 1997,
  Pages = "245-253"
}

@misc{olah,
  Author = "Olah, C.",
  Title = "Understanding LSTM Networks",
  Year = 2015,
  howpublished = {\url{http://colah.github.io/posts/2015-08-Understanding-LSTMs/}}}

@Article{sculley,
  Author = "Sculley, D. and Holt, G. and Golovin, D. and Davydov, E. and Phillips, T. and Ebner, D., ... and Dennison, D.",
  Title = "Hidden Technical Debt in Machine Learning Systems",
  Year = 2015,
  Journal = "NIPS '15 Proceedings of the 28th International Conference on Neural Information Processing Systems",
  Volume = 2,
  Pages = "2503-2511"
}
